
@article{boesch2017,
  title = {{{ORBITING CARBON OBSERVATORY}} ({{OCO}}) - 2},
  author = {Boesch, Hartmut and Brown, Linda and Castano, Rebecca and Christi, Mathew and Connor, Brian and Crisp, David and Eldering, Annmarie and Fisher, Brendan and Frankenberg, Christian and Gunson, Michael and Granat, Robert and McDuffie, James and Miller, Charles and Natraj, Vijay and O'Brien, Denis and O'Dell, Chris and Osterman, Gregory and Oyafuso, Fabiano and Payne, Vivienne and Polonski, Igor and Smyth, Mike and Spurr, Rob and Thompson, David and Toon, Geoff},
  year = {2017},
  pages = {88},
  langid = {english},
  keywords = {figp-paper1,UQbreakout21}
}

@article{braverman2021,
  title = {Post Hoc {{Uncertainty Quantification}} for {{Remote Sensing Observing Systems}}},
  author = {Braverman, Amy and Hobbs, Jonathan and Teixeira, Joaquim and Gunson, Michael},
  year = {2021},
  month = jan,
  journal = {SIAM/ASA Journal on Uncertainty Quantification},
  volume = {9},
  number = {3},
  pages = {1064--1093},
  issn = {2166-2525},
  doi = {10/gm2gd2},
  langid = {english},
  keywords = {UQbreakout21}
}

@article{hobbs2017,
  title = {Simulation-{{Based Uncertainty Quantification}} for {{Estimating Atmospheric CO}}\$\_2\$ from {{Satellite Data}}},
  author = {Hobbs, Jonathan and Braverman, Amy and Cressie, Noel and Granat, Robert and Gunson, Michael},
  year = {2017},
  month = jan,
  journal = {SIAM/ASA Journal on Uncertainty Quantification},
  volume = {5},
  number = {1},
  pages = {956--985},
  issn = {2166-2525},
  doi = {10/gc33qp},
  langid = {english},
  keywords = {asa2021,figp-paper1,UQbreakout21}
}

@misc{johnson2020,
  title = {Forward {{Model Emulation}} for {{NASA}}'s {{Microwave Limb Sounder}}},
  author = {Johnson, Margaret},
  year = {2020},
  month = aug,
  address = {{2020 Joint Statistical Meetings}},
  collaborator = {Teixeira, Joaquim and Livesey, Nathaniel and Braverman, Amy},
  keywords = {asa2021,figp-paper1,UQbreakout21}
}

@article{ma2021,
  title = {Computer {{Model Emulation}} with {{High}}-{{Dimensional Functional Output}} in {{Large}}-{{Scale Observing System Uncertainty Experiments}}},
  author = {Ma, Pulong and Mondal, Anirban and Konomi, Bledar A. and Hobbs, Jonathan and Song, Joon Jin and Kang, Emily L.},
  year = {2021},
  month = mar,
  journal = {Technometrics},
  volume = {0},
  number = {0},
  pages = {1--15},
  publisher = {{Taylor \& Francis}},
  issn = {0040-1706},
  doi = {10/gkcsdg},
  keywords = {asa2021,figp-paper1,UQbreakout21}
}

@article{morris2012,
  title = {Gaussian {{Surrogates}} for {{Computer Models With Time}}-{{Varying Inputs}} and {{Outputs}}},
  author = {Morris, Max D.},
  year = {2012},
  month = feb,
  journal = {Technometrics},
  volume = {54},
  number = {1},
  pages = {42--50},
  publisher = {{Taylor \& Francis}},
  issn = {0040-1706},
  doi = {10/ghbnds},
  keywords = {asa2021,figp-paper1,UQbreakout21}
}

@article{muehlenstaedt2017a,
  title = {Computer Experiments with Functional Inputs and Scalar Outputs by a Norm-Based Approach},
  author = {Muehlenstaedt, Thomas and Fruth, Jana and Roustant, Olivier},
  year = {2017},
  month = jul,
  journal = {Statistics and Computing},
  volume = {27},
  number = {4},
  pages = {1083--1097},
  issn = {1573-1375},
  doi = {10/ghbndr},
  langid = {english},
  keywords = {asa2021,figp-paper1,UQbreakout21}
}

@inproceedings{piironen2016,
  title = {Projection Predictive Model Selection for {{Gaussian}} Processes},
  booktitle = {2016 {{IEEE}} 26th {{International Workshop}} on {{Machine Learning}} for {{Signal Processing}} ({{MLSP}})},
  author = {Piironen, Juho and Vehtari, Aki},
  year = {2016},
  month = sep,
  pages = {1--6},
  doi = {10/ggkqnt},
  keywords = {figp-paper1,UQbreakout21}
}

@book{rodgers2008,
  title = {Inverse Methods for Atmospheric Sounding: Theory and Practice},
  shorttitle = {Inverse Methods for Atmospheric Sounding},
  author = {Rodgers, Clive D.},
  year = {2008},
  series = {Series on Atmospheric, Oceanic and Planetary Physics},
  edition = {Repr},
  number = {2},
  publisher = {{World Scientific}},
  address = {{Singapore}},
  isbn = {978-981-02-2740-1},
  langid = {english},
  keywords = {figp-paper1,UQbreakout21}
}

@misc{turmon2019,
  title = {Uncertainty {{Quantification}} for {{JPL Retrievals}}},
  author = {Turmon, Michael and Braverman, Amy},
  year = {2019},
  month = feb,
  keywords = {figp-paper1,UQbreakout21}
}


